<collection xmlns="http://www.loc.gov/MARC21/slim">
<record>
  <leader>00026nam a22000253n 450 </leader>
</record>
<record>
  <leader>01243nam a22002173n 450 </leader>
  <controlfield tag="001">FRBNF323046990000009</controlfield>
  <controlfield tag="009">http://catalogue.bnf.fr/ark:/12148/cb32304699p</controlfield>
  <datafield tag="035" ind1=" " ind2=" ">
    <subfield code="a">SAFIG04210003-01</subfield>
  </datafield>
  <datafield tag="039" ind1=" " ind2=" ">
    <subfield code="o">CRI</subfield>
    <subfield code="a">SU063312260001S  </subfield>
  </datafield>
  <datafield tag="100" ind1=" " ind2=" ">
    <subfield code="a">19970701d1927    m  y0frey0103    ba</subfield>
  </datafield>
  <datafield tag="101" ind1="0" ind2=" ">
    <subfield code="a">eng</subfield>
  </datafield>
  <datafield tag="102" ind1=" " ind2=" ">
    <subfield code="a">GB</subfield>
  </datafield>
  <datafield tag="105" ind1=" " ind2=" ">
    <subfield code="a">||||z   00|||</subfield>
  </datafield>
  <datafield tag="106" ind1=" " ind2=" ">
    <subfield code="a">r</subfield>
  </datafield>
  <datafield tag="200" ind1="1" ind2=" ">
    <subfield code="a">Greek printing types</subfield>
    <subfield code="b">Texte imprimé</subfield>
    <subfield code="e">, 1465-1927, facsimiles from an exhibition of books illustrating the development of Greek printing shown in the British Museum, 1927. With an historical introduction by Victor Scholderer. [Preface by Frederic G. Kenyon.]</subfield>
  </datafield>
  <datafield tag="210" ind1=" " ind2=" ">
    <subfield code="a">London, British Museum ; B. Quaritch ; H. Milford</subfield>
    <subfield code="a">(Oxford, printed by J. Johnson)</subfield>
    <subfield code="d">1927. Gr. in-fol. (390 x 265), 23 p., fac-sim. [Don 217025] -Ia-</subfield>
  </datafield>
  <datafield tag="300" ind1=" " ind2=" ">
    <subfield code="a">On a joint des comptes rendus extraits du ¸Times Lit. Suppl.¸, 25 August. 1927 et du ¸Library association record¸, 1927, et ¸La première Renaissance des études grecques en France, hellénistes et imprimeurs¸, par Egger, extrait de la ¸Revue de Paris¸, 15 décembre 1868</subfield>
  </datafield>
  <datafield tag="702" ind1=" " ind2="|">
    <subfield code="3">12331862</subfield>
    <subfield code="a">Kenyon</subfield>
    <subfield code="b">Frederic George</subfield>
    <subfield code="f">1863-1952</subfield>
    <subfield code="4">080</subfield>
  </datafield>
  <datafield tag="801" ind1=" " ind2="0">
    <subfield code="a">FR</subfield>
    <subfield code="b">BNF</subfield>
    <subfield code="c">19970701</subfield>
    <subfield code="g">AFNOR</subfield>
    <subfield code="2">intermrc</subfield>
  </datafield>
  <datafield tag="960" ind1=" " ind2=" ">
    <subfield code="a">0</subfield>
    <subfield code="b">A</subfield>
    <subfield code="c">3</subfield>
  </datafield>
  <datafield tag="995" ind1=" " ind2=" ">
    <subfield code="k">0 A 3</subfield>
    <subfield code="l">331</subfield>
    <subfield code="m">1968</subfield>
    <subfield code="x">P</subfield>
  </datafield>
</record>