
<record>
  <leader>00947nam a22002173n 450 </leader>
  <controlfield tag="001">FRBNF331056970000005</controlfield>
  <controlfield tag="009">http://catalogue.bnf.fr/ark:/12148/cb331056971</controlfield>
  <datafield tag="035" ind1=" " ind2=" ">
    <subfield code="a">SAFIG04210005-01</subfield>
  </datafield>
  <datafield tag="039" ind1=" " ind2=" ">
    <subfield code="o">CRI</subfield>
    <subfield code="a">LX001503700001P </subfield>
  </datafield>
  <datafield tag="100" ind1=" " ind2=" ">
    <subfield code="a">19970701d1967    m  y0frey0103    ba</subfield>
  </datafield>
  <datafield tag="101" ind1="0" ind2=" ">
    <subfield code="a">eng</subfield>
  </datafield>
  <datafield tag="102" ind1=" " ind2=" ">
    <subfield code="a">GB</subfield>
  </datafield>
  <datafield tag="105" ind1=" " ind2=" ">
    <subfield code="a">||||z   00|||</subfield>
  </datafield>
  <datafield tag="106" ind1=" " ind2=" ">
    <subfield code="a">r</subfield>
  </datafield>
  <datafield tag="200" ind1="1" ind2=" ">
    <subfield code="a">John Fell</subfield>
    <subfield code="b">Texte imprimé</subfield>
    <subfield code="e">, the University press and the ¸Fell¸ types, the punches and matrices designed for printing in the Greek, Latin, English, and Oriental languages bequeathed in 1686 to the University of Oxford by John Fell,... by Stanley Morison, with the assistance of Harry Carter</subfield>
  </datafield>
  <datafield tag="210" ind1=" " ind2=" ">
    <subfield code="a">Oxford</subfield>
    <subfield code="c">Clarendon press</subfield>
    <subfield code="d">1967</subfield>
  </datafield>
  <datafield tag="215" ind1=" " ind2=" ">
    <subfield code="a">In-fol. (38 cm), XVIII-279 p., pl., fac-sim., portrait en coul. [Acq. 6855-67]</subfield>
  </datafield>
  <datafield tag="700" ind1=" " ind2="|">
    <subfield code="3">12173808</subfield>
    <subfield code="a">Morison</subfield>
    <subfield code="b">Stanley</subfield>
    <subfield code="f">1889-1967</subfield>
    <subfield code="4">070</subfield>
  </datafield>
  <datafield tag="801" ind1=" " ind2="0">
    <subfield code="a">FR</subfield>
    <subfield code="b">BNF</subfield>
    <subfield code="c">19970701</subfield>
    <subfield code="g">AFNOR</subfield>
    <subfield code="2">intermrc</subfield>
  </datafield>
  <datafield tag="960" ind1=" " ind2=" ">
    <subfield code="a">0</subfield>
    <subfield code="b">A</subfield>
    <subfield code="c">4</subfield>
  </datafield>
  <datafield tag="995" ind1=" " ind2=" ">
    <subfield code="k">0 A 4</subfield>
    <subfield code="l">330</subfield>
    <subfield code="m">1968</subfield>
  </datafield>
</record>