
<record>
  <leader>01595cam a22002413n 450 </leader>
  <controlfield tag="001">FRBNF323346280000008</controlfield>
  <controlfield tag="009">http://catalogue.bnf.fr/ark:/12148/cb32334628s</controlfield>
  <datafield tag="035" ind1=" " ind2=" ">
    <subfield code="a">SAFIG04210007-01</subfield>
  </datafield>
  <datafield tag="039" ind1=" " ind2=" ">
    <subfield code="o">CRI</subfield>
    <subfield code="a">SU066107750001P</subfield>
  </datafield>
  <datafield tag="100" ind1=" " ind2=" ">
    <subfield code="a">19970701g19001914m  y0frey0103    ba</subfield>
  </datafield>
  <datafield tag="101" ind1="0" ind2=" ">
    <subfield code="a">fre</subfield>
  </datafield>
  <datafield tag="102" ind1=" " ind2=" ">
    <subfield code="a">FR</subfield>
  </datafield>
  <datafield tag="105" ind1=" " ind2=" ">
    <subfield code="a">||||z   00|||</subfield>
  </datafield>
  <datafield tag="106" ind1=" " ind2=" ">
    <subfield code="a">r</subfield>
  </datafield>
  <datafield tag="200" ind1="1" ind2=" ">
    <subfield code="a">Histoire de l&apos;imprimerie en France au 15e et au 16e siècle, par A. Claudin,...</subfield>
    <subfield code="b">Texte imprimé</subfield>
  </datafield>
  <datafield tag="210" ind1=" " ind2=" ">
    <subfield code="a">Paris, Impr. nationale</subfield>
    <subfield code="d">1900-1914. 4 vol. in-fol., fig., pl. et fac-sim. en noir et en coul. [Don 2117] -Ibis-</subfield>
  </datafield>
  <datafield tag="300" ind1=" " ind2=" ">
    <subfield code="a">Le T. 4 est publié sous la direction de Léopold Delisle et achevé par Paul Lacombe. - On a joint au T. 3 un compte-rendu sur ce tome, par Michel-Hilaire Clément-Janin, extrait de la Gazette des Beaux-arts, t. 34, 1905, et au T. 4, un extrait du Bulletin du bibliophile, Né 3, mars 1914, reproduisant l&apos;avant-propos de ce tome par P. Lacombe, ainsi qu&apos;une étude d&apos;A. Claudin et P. Lacombe : Origines de l&apos;imprimerie à Besançon, l&apos;imprimeur de l&apos;¸Arbolayre¸, extraite du Bibliographe moderne, 1916-1917. Né 2. Cette étude constitue une réimpression des pp. 479-492 du T. 4</subfield>
  </datafield>
  <datafield tag="423" ind1=" " ind2="1">
    <subfield code="9">a001000</subfield>
    <subfield code="t">[Compte-rendu sur &apos;L&apos;Histoire de l&apos;imprimerie en France au 15e et au 16e siècle d&apos;A. Claudin]</subfield>
  </datafield>
  <datafield tag="700" ind1=" " ind2="|">
    <subfield code="3">12750861</subfield>
    <subfield code="a">Claudin</subfield>
    <subfield code="b">Anatole</subfield>
    <subfield code="f">1833-1906</subfield>
    <subfield code="4">070</subfield>
  </datafield>
  <datafield tag="701" ind1=" " ind2="|">
    <subfield code="3">12422303</subfield>
    <subfield code="a">Lacombe</subfield>
    <subfield code="b">Paul</subfield>
    <subfield code="f">1848-1921</subfield>
    <subfield code="4">070</subfield>
  </datafield>
  <datafield tag="701" ind1=" " ind2="|">
    <subfield code="9">a001000</subfield>
    <subfield code="3">12844147</subfield>
    <subfield code="a">Clément-Janin</subfield>
    <subfield code="b">Michel-Hilaire</subfield>
    <subfield code="f">1831-1883</subfield>
    <subfield code="4">070</subfield>
  </datafield>
  <datafield tag="702" ind1=" " ind2="|">
    <subfield code="3">11899357</subfield>
    <subfield code="a">Delisle</subfield>
    <subfield code="b">Léopold</subfield>
    <subfield code="f">1826-1910</subfield>
    <subfield code="4">340</subfield>
  </datafield>
  <datafield tag="801" ind1=" " ind2="0">
    <subfield code="a">FR</subfield>
    <subfield code="b">BNF</subfield>
    <subfield code="c">19970701</subfield>
    <subfield code="g">AFNOR</subfield>
    <subfield code="2">intermrc</subfield>
  </datafield>
</record>