
<record>
  <leader>00859nam a22002173n 450 </leader>
  <controlfield tag="001">FRBNF319504610000005</controlfield>
  <controlfield tag="009">http://catalogue.bnf.fr/ark:/12148/cb31950461d</controlfield>
  <datafield tag="035" ind1=" " ind2=" ">
    <subfield code="a">SAFIG04210009-01</subfield>
  </datafield>
  <datafield tag="039" ind1=" " ind2=" ">
    <subfield code="o">CRI</subfield>
    <subfield code="a">SU027008430001S  </subfield>
  </datafield>
  <datafield tag="099" ind1=" " ind2=" ">
    <subfield code="a">RetrEST0</subfield>
  </datafield>
  <datafield tag="100" ind1=" " ind2=" ">
    <subfield code="a">19970701d1926    m  y0frey0103    ba</subfield>
  </datafield>
  <datafield tag="101" ind1="0" ind2=" ">
    <subfield code="a">fre</subfield>
  </datafield>
  <datafield tag="102" ind1=" " ind2=" ">
    <subfield code="a">ZZ</subfield>
  </datafield>
  <datafield tag="105" ind1=" " ind2=" ">
    <subfield code="a">||||z   00|||</subfield>
  </datafield>
  <datafield tag="106" ind1=" " ind2=" ">
    <subfield code="a">r</subfield>
  </datafield>
  <datafield tag="200" ind1="1" ind2=" ">
    <subfield code="a">Documents</subfield>
    <subfield code="b">Texte imprimé</subfield>
    <subfield code="e"> sur la typographie et la gravure en France, aux XVe et XVIe siècles réunis par A. Claudin, publiés et commentés par Seymour de Ricci</subfield>
  </datafield>
  <datafield tag="210" ind1=" " ind2=" ">
    <subfield code="a">Bois-Colombes, Impr. moderne des beaux-arts</subfield>
    <subfield code="a">Londres, Maggs Brothers</subfield>
    <subfield code="d">1926. 12 octobre.) In-folio, 36 p. et 721 documents. [9857]</subfield>
  </datafield>
  <datafield tag="702" ind1=" " ind2="|">
    <subfield code="3">12750861</subfield>
    <subfield code="a">Claudin</subfield>
    <subfield code="b">Anatole</subfield>
    <subfield code="f">1833-1906</subfield>
    <subfield code="4">340</subfield>
  </datafield>
  <datafield tag="801" ind1=" " ind2="0">
    <subfield code="a">FR</subfield>
    <subfield code="b">BNF</subfield>
    <subfield code="c">19970701</subfield>
    <subfield code="g">AFNOR</subfield>
    <subfield code="2">intermrc</subfield>
  </datafield>
  <datafield tag="960" ind1=" " ind2=" ">
    <subfield code="a">0</subfield>
    <subfield code="b">A</subfield>
    <subfield code="c">8</subfield>
    <subfield code="d">ter</subfield>
  </datafield>
  <datafield tag="995" ind1=" " ind2=" ">
    <subfield code="k">0 A 8 ter</subfield>
    <subfield code="l">3023</subfield>
    <subfield code="m">1980</subfield>
  </datafield>
</record>