
<record>
  <leader>00988nam a22002413n 450 </leader>
  <controlfield tag="001">FRBNF323617380000007</controlfield>
  <controlfield tag="009">http://catalogue.bnf.fr/ark:/12148/cb323617388</controlfield>
  <datafield tag="035" ind1=" " ind2=" ">
    <subfield code="a">SAFIG04210013-01</subfield>
  </datafield>
  <datafield tag="039" ind1=" " ind2=" ">
    <subfield code="o">CRI</subfield>
    <subfield code="a">SU069009350001P  </subfield>
  </datafield>
  <datafield tag="100" ind1=" " ind2=" ">
    <subfield code="a">19970701d1926    m  y0frey0103    ba</subfield>
  </datafield>
  <datafield tag="101" ind1="0" ind2=" ">
    <subfield code="a">fre</subfield>
  </datafield>
  <datafield tag="102" ind1=" " ind2=" ">
    <subfield code="a">FR</subfield>
  </datafield>
  <datafield tag="105" ind1=" " ind2=" ">
    <subfield code="a">||||z   00|||</subfield>
  </datafield>
  <datafield tag="106" ind1=" " ind2=" ">
    <subfield code="a">r</subfield>
  </datafield>
  <datafield tag="200" ind1="1" ind2=" ">
    <subfield code="a">Le Papier, recherches et notes pour servir à l&apos;histoire du papier, principalement à Troyes et aux environs depuis le quatorzième siècle, par Louis Le Clert,... Avec préface par Henri Stein...</subfield>
    <subfield code="b">Texte imprimé</subfield>
  </datafield>
  <datafield tag="210" ind1=" " ind2=" ">
    <subfield code="a">Paris, A l&apos;enseigne du Pégase</subfield>
    <subfield code="d">1926. 2 vol. in-fol., fig., pl. en noir et en coul., fac-sim., dépliants. [Acq. 312085] -Ibis-VIe-</subfield>
  </datafield>
  <datafield tag="700" ind1=" " ind2="|">
    <subfield code="3">11021033</subfield>
    <subfield code="a">Le Clert</subfield>
    <subfield code="b">Louis</subfield>
    <subfield code="4">070</subfield>
  </datafield>
  <datafield tag="702" ind1=" " ind2="|">
    <subfield code="3">12276366</subfield>
    <subfield code="a">Stein</subfield>
    <subfield code="b">Henri</subfield>
    <subfield code="f">1862-1940</subfield>
    <subfield code="4">080</subfield>
  </datafield>
  <datafield tag="801" ind1=" " ind2="0">
    <subfield code="a">FR</subfield>
    <subfield code="b">BNF</subfield>
    <subfield code="c">19970701</subfield>
    <subfield code="g">AFNOR</subfield>
    <subfield code="2">intermrc</subfield>
  </datafield>
  <datafield tag="960" ind1=" " ind2=" ">
    <subfield code="a">0</subfield>
    <subfield code="b">A</subfield>
    <subfield code="c">10</subfield>
    <subfield code="d">1</subfield>
  </datafield>
  <datafield tag="960" ind1=" " ind2=" ">
    <subfield code="a">0</subfield>
    <subfield code="b">A</subfield>
    <subfield code="c">10</subfield>
    <subfield code="d">2</subfield>
  </datafield>
  <datafield tag="995" ind1=" " ind2=" ">
    <subfield code="k">0 A 10 (1)</subfield>
    <subfield code="l">1830</subfield>
    <subfield code="m">1976</subfield>
  </datafield>
  <datafield tag="995" ind1=" " ind2=" ">
    <subfield code="k">0 A 10 (2)</subfield>
    <subfield code="m">1976</subfield>
  </datafield>
</record>