
<record>
  <leader>00990cam a22002653  450 </leader>
  <controlfield tag="001">FRBNF32385266000000X</controlfield>
  <controlfield tag="009">http://catalogue.bnf.fr/ark:/12148/cb32385266h</controlfield>
  <datafield tag="035" ind1=" " ind2=" ">
    <subfield code="a">SAFIG04210017-01</subfield>
  </datafield>
  <datafield tag="039" ind1=" " ind2=" ">
    <subfield code="o">CRI</subfield>
    <subfield code="a">SU071408550001P</subfield>
  </datafield>
  <datafield tag="099" ind1=" " ind2=" ">
    <subfield code="a">RetrEST0</subfield>
  </datafield>
  <datafield tag="100" ind1=" " ind2=" ">
    <subfield code="a">19970701d1927    m  y0frey0103    ba</subfield>
  </datafield>
  <datafield tag="101" ind1="0" ind2=" ">
    <subfield code="a">fre</subfield>
  </datafield>
  <datafield tag="102" ind1=" " ind2=" ">
    <subfield code="a">ZZ</subfield>
  </datafield>
  <datafield tag="105" ind1=" " ind2=" ">
    <subfield code="a">||||z   00|||</subfield>
  </datafield>
  <datafield tag="106" ind1=" " ind2=" ">
    <subfield code="a">r</subfield>
  </datafield>
  <datafield tag="200" ind1="1" ind2=" ">
    <subfield code="a">La gravure en France au XVIe siècle</subfield>
    <subfield code="b">Texte imprimé</subfield>
    <subfield code="e">la gravure dans le livre et dans l&apos;ornement,</subfield>
    <subfield code="f">par J. Lieure</subfield>
  </datafield>
  <datafield tag="210" ind1=" " ind2=" ">
    <subfield code="a">Paris</subfield>
    <subfield code="c">Bruxelles</subfield>
    <subfield code="c">Libr. nationale d&apos;art et d&apos;histoire</subfield>
    <subfield code="d">1927</subfield>
  </datafield>
  <datafield tag="215" ind1=" " ind2=" ">
    <subfield code="a">1 vol. (64 p., 72 pl.)</subfield>
    <subfield code="d">in-4</subfield>
  </datafield>
  <datafield tag="517" ind1="1" ind2=" ">
    <subfield code="a">La gravure dans le livre et dans l&apos;ornement</subfield>
  </datafield>
  <datafield tag="606" ind1=" " ind2=" ">
    <subfield code="3">11931593</subfield>
    <subfield code="a">Gravure</subfield>
    <subfield code="3">11931476</subfield>
    <subfield code="y">France</subfield>
    <subfield code="3">11976033</subfield>
    <subfield code="z">16e siècle</subfield>
  </datafield>
  <datafield tag="606" ind1=" " ind2=" ">
    <subfield code="3">13602689</subfield>
    <subfield code="a">Ornements (art)</subfield>
    <subfield code="3">11931476</subfield>
    <subfield code="y">France</subfield>
    <subfield code="3">11976033</subfield>
    <subfield code="z">16e siècle</subfield>
  </datafield>
  <datafield tag="700" ind1=" " ind2="|">
    <subfield code="3">12763418</subfield>
    <subfield code="a">Lieure</subfield>
    <subfield code="b">Jules</subfield>
    <subfield code="f">1866-1942?</subfield>
    <subfield code="4">070</subfield>
  </datafield>
  <datafield tag="801" ind1=" " ind2="0">
    <subfield code="a">FR</subfield>
    <subfield code="b">BNF</subfield>
    <subfield code="c">19970701</subfield>
    <subfield code="g">AFNOR</subfield>
    <subfield code="2">intermrc</subfield>
  </datafield>
  <datafield tag="960" ind1=" " ind2=" ">
    <subfield code="a">0</subfield>
    <subfield code="b">A</subfield>
    <subfield code="c">12</subfield>
  </datafield>
  <datafield tag="995" ind1=" " ind2=" ">
    <subfield code="k">0 A 12</subfield>
    <subfield code="l">1205</subfield>
    <subfield code="m">1980</subfield>
  </datafield>
</record>
</collection>
